<record><leader>00000cas a22000007a 4500</leader><controlfield tag="001">22974166</controlfield><controlfield tag="008">910117d19231925maudn ne      0    0eng d</controlfield><datafield ind1=" " ind2=" " tag="010"><subfield code="a">sn 89063439 </subfield></datafield><datafield ind1=" " ind2=" " tag="040"><subfield code="a">MGN</subfield><subfield code="b">eng</subfield><subfield code="c">MGN</subfield><subfield code="d">OCLCQ</subfield></datafield><datafield ind1=" " ind2=" " tag="042"><subfield code="a">msc</subfield></datafield><datafield ind1="0" ind2="0" tag="245"><subfield code="a">Westfield daily journal and valley echo, Huntington herald, Chester chronicle.</subfield></datafield><datafield ind1="3" ind2="0" tag="246"><subfield code="a">Westfield daily journal valley echo, Huntington herald, Chester chronicle</subfield></datafield><datafield ind1=" " ind2=" " tag="260"><subfield code="a">Westfield, Mass. :</subfield><subfield code="b">Westfield Press</subfield></datafield><datafield ind1=" " ind2=" " tag="300"><subfield code="a">v.</subfield></datafield><datafield ind1=" " ind2=" " tag="310"><subfield code="a">Daily (except Sun. and holidays),</subfield><subfield code="b">Feb. 3, 1924-1925</subfield></datafield><datafield ind1=" " ind2=" " tag="321"><subfield code="a">Daily (except Sun.),</subfield><subfield code="b">1923-Feb. 2, 1924</subfield></datafield><datafield ind1="0" ind2=" " tag="362"><subfield code="a">Vol. 1, no. 1 (Nov. 19, 1923)-v. 2, no. 104 (Mar. 25, 1925).</subfield></datafield><datafield ind1=" " ind2=" " tag="500"><subfield code="a">Published as: Westfield daily journal valley echo, Huntington herald, Chester chronicle, Dec. 1, 1924-1925.</subfield></datafield><datafield ind1=" " ind2=" " tag="580"><subfield code="a">Formed by the union of: Valley echo (Westfield, Mass.), and: Huntington herald, and: Chester chronicle.</subfield></datafield><datafield ind1=" " ind2=" " tag="752"><subfield code="a">United States</subfield><subfield code="b">Massachusetts</subfield><subfield code="c">Hampden</subfield><subfield code="d">Westfield.</subfield></datafield><datafield ind1="1" ind2="4" tag="780"><subfield code="t">Valley echo (Westfield, Mass.)</subfield><subfield code="w">(DLC)sn 89063437</subfield></datafield><datafield ind1="1" ind2="4" tag="780"><subfield code="t">Huntington herald</subfield></datafield><datafield ind1="1" ind2="4" tag="780"><subfield code="t">Chester chronicle</subfield></datafield><datafield ind1="0" ind2="0" tag="785"><subfield code="t">Westfield journal valley echo, Huntington herald, Chester chronicle</subfield><subfield code="w">(DLC)sn 89063440</subfield></datafield></record>